%! Author = fabian.sigfridsson
%! Date = 2023-09-19

